@article{friesen2017deep,
  title={Deep Learning as a Mixed Convex-Combinatorial Optimization Problem},
  author={Friesen, Abram L and Domingos, Pedro},
  journal={arXiv preprint arXiv:1710.11573},
  year={2017}
}

@article{hubara2016quantized,
  title={Quantized neural networks: Training neural networks with low precision weights and activations},
  author={Hubara, Itay and Courbariaux, Matthieu and Soudry, Daniel and El-Yaniv, Ran and Bengio, Yoshua},
  journal={arXiv preprint arXiv:1609.07061},
  year={2016}
}

@inproceedings{lee2015difference,
  title={Difference target propagation},
  author={Lee, Dong-Hyun and Zhang, Saizheng and Fischer, Asja and Bengio, Yoshua},
  booktitle={Joint european conference on machine learning and knowledge discovery in databases},
  pages={498--515},
  year={2015},
  organization={Springer}
}

@article{bengio2014auto,
  title={How auto-encoders could provide credit assignment in deep networks via target propagation},
  author={Bengio, Yoshua},
  journal={arXiv preprint arXiv:1407.7906},
  year={2014}
}

@misc{hinton2012neural,
  title={Neural Networks for Machine Learning, Coursera Lectures},
  author={Hinton, Geoffrey and Srivastava, Nitish and Swersky, Kevin},
  year={2012},
  publisher={Coursera Lecture slides}
}

@article{bengio2013estimating,
  title={Estimating or propagating gradients through stochastic neurons for conditional computation},
  author={Bengio, Yoshua and L{\'e}onard, Nicholas and Courville, Aaron},
  journal={arXiv preprint arXiv:1308.3432},
  year={2013}
}